@misc{googlegroups,
    author = {watou},
    title = {What is the best persistence set up for a Raspberry PI?},
    date = {25. August 2015},
    url = {https://groups.google.com/forum/#!topic/openhab/xr57hrIDccc},
    urldate = {17. November 2017},
}

@misc{sqlite,
    author = {SQLite},
    title = {About SQLite},
    date = {},
    url = {https://sqlite.org/about.html},
    urldate = {17. November 2017}
}

@misc{bootstrap,
    author = {colorlib},
    title = {Adminator-admin-dashboard},
    url = {https://github.com/puikinsh/Adminator-admin-dashboard}
    urldate{7. Dezember 2017}
}

SQLite Docu: https://sqlite.org/c3ref/open.html
Raspi Coding: http://www.raspberry-projects.com/pi/
i2c video: https://www.youtube.com/watch?v=8C2zk6B-eLU
kicad tutorial: https://www.youtube.com/watch?v=zK3rDhJqMu0
